<?xml version="1.0" encoding="UTF-8"?><record xmlns="http://www.loc.gov/MARC21/slim" xmlns:cinclude="http://apache.org/cocoon/include/1.0" xmlns:zs="http://www.loc.gov/zing/srw/">
  <leader>00806cz  a2200169n  4500</leader>
  <controlfield tag="001">n 2009211060</controlfield>
  <controlfield tag="003">DLC</controlfield>
  <controlfield tag="005">20130618111858.0</controlfield>
  <controlfield tag="008">090202n| azannaabn          |a ana      </controlfield>
  <datafield tag="010" ind1=" " ind2=" ">
    <subfield code="a">n 2009211060</subfield>
  </datafield>
  <datafield tag="040" ind1=" " ind2=" ">
    <subfield code="a">DLC</subfield>
    <subfield code="b">eng</subfield>
    <subfield code="e">rda</subfield>
    <subfield code="c">DLC</subfield>
    <subfield code="d">DLC</subfield>
  </datafield>
  <datafield tag="046" ind1=" " ind2=" ">
    <subfield code="s">2007</subfield>
  </datafield>
  <datafield tag="111" ind1="2" ind2=" ">
    <subfield code="a">National Seminar on "Dimensions in Zoological Research in Human Welfare"</subfield>
    <subfield code="d">(2007 :</subfield>
    <subfield code="c">Kolkata, India)</subfield>
  </datafield>
  <datafield tag="370" ind1=" " ind2=" ">
    <subfield code="e">Kolkata, India</subfield>
  </datafield>
  <datafield tag="411" ind1="2" ind2=" ">
    <subfield code="a">Seminar on "Dimensions in Zoological Research in Human Welfare", National</subfield>
  </datafield>
  <datafield tag="670" ind1=" " ind2=" ">
    <subfield code="a">National Seminar on "Dimensions in Zoological Research in Human Welfare" (2007 : Calcutta, India). Zoological research in human welfare, 2008:</subfield>
    <subfield code="b">t.p. (National Seminar on "Dimensions in Zoological Research in Human Welfare")</subfield>
  </datafield>
  <datafield tag="670" ind1=" " ind2=" ">
    <subfield code="a">Phone call to publisher, Feb. 02, 2009:</subfield>
    <subfield code="b">(held in 2007, at Kolkata, India)</subfield>
  </datafield>
</record>